%YAML 1.1
%TAG !u! tag:unity3d.com,2011:
--- !u!1 &5874054178864313505
GameObject:
  m_ObjectHideFlags: 0
  m_CorrespondingSourceObject: {fileID: 0}
  m_PrefabInstance: {fileID: 0}
  m_PrefabAsset: {fileID: 0}
  serializedVersion: 6
  m_Component:
  - component: {fileID: 5874054178864313534}
  - component: {fileID: 3767956997882615296}
  m_Layer: 0
  m_Name: Core
  m_TagString: Untagged
  m_Icon: {fileID: 0}
  m_NavMeshLayer: 0
  m_StaticEditorFlags: 0
  m_IsActive: 1
--- !u!4 &5874054178864313534
Transform:
  m_ObjectHideFlags: 0
  m_CorrespondingSourceObject: {fileID: 0}
  m_PrefabInstance: {fileID: 0}
  m_PrefabAsset: {fileID: 0}
  m_GameObject: {fileID: 5874054178864313505}
  m_LocalRotation: {x: 0, y: 0, z: 0, w: 1}
  m_LocalPosition: {x: -22.622276, y: 13.58799, z: -20.161102}
  m_LocalScale: {x: 1, y: 1, z: 1}
  m_Children:
  - {fileID: 5874054178924360689}
  - {fileID: 5224038254599185404}
  - {fileID: 5874054179532366434}
  - {fileID: 5874054179143515894}
  - {fileID: 2597921515149945338}
  m_Father: {fileID: 0}
  m_RootOrder: 0
  m_LocalEulerAnglesHint: {x: 0, y: 0, z: 0}
--- !u!114 &3767956997882615296
MonoBehaviour:
  m_ObjectHideFlags: 0
  m_CorrespondingSourceObject: {fileID: 0}
  m_PrefabInstance: {fileID: 0}
  m_PrefabAsset: {fileID: 0}
  m_GameObject: {fileID: 5874054178864313505}
  m_Enabled: 1
  m_EditorHideFlags: 0
  m_Script: {fileID: 11500000, guid: 19dd76d08a7c12e4890f6404698a870e, type: 3}
  m_Name: 
  m_EditorClassIdentifier: 
  persistentObjectPrefab: {fileID: 6657804787631649901, guid: fd62110e79a12f34280f66787ad638c0,
    type: 3}
--- !u!1 &5874054178924360691
GameObject:
  m_ObjectHideFlags: 0
  m_CorrespondingSourceObject: {fileID: 0}
  m_PrefabInstance: {fileID: 0}
  m_PrefabAsset: {fileID: 0}
  serializedVersion: 6
  m_Component:
  - component: {fileID: 5874054178924360689}
  - component: {fileID: 5874054178924360688}
  m_Layer: 0
  m_Name: Directional Light
  m_TagString: Untagged
  m_Icon: {fileID: 0}
  m_NavMeshLayer: 0
  m_StaticEditorFlags: 0
  m_IsActive: 1
--- !u!4 &5874054178924360689
Transform:
  m_ObjectHideFlags: 0
  m_CorrespondingSourceObject: {fileID: 0}
  m_PrefabInstance: {fileID: 0}
  m_PrefabAsset: {fileID: 0}
  m_GameObject: {fileID: 5874054178924360691}
  m_LocalRotation: {x: 0.40821788, y: -0.23456968, z: 0.10938163, w: 0.8754261}
  m_LocalPosition: {x: 23.872276, y: -12.20799, z: 29.531101}
  m_LocalScale: {x: 1, y: 1, z: 1}
  m_Children: []
  m_Father: {fileID: 5874054178864313534}
  m_RootOrder: 0
  m_LocalEulerAnglesHint: {x: 50, y: -30, z: 0}
--- !u!108 &5874054178924360688
Light:
  m_ObjectHideFlags: 0
  m_CorrespondingSourceObject: {fileID: 0}
  m_PrefabInstance: {fileID: 0}
  m_PrefabAsset: {fileID: 0}
  m_GameObject: {fileID: 5874054178924360691}
  m_Enabled: 1
  serializedVersion: 8
  m_Type: 1
  m_Color: {r: 1, g: 0.95686275, b: 0.8392157, a: 1}
  m_Intensity: 1
  m_Range: 10
  m_SpotAngle: 30
  m_CookieSize: 10
  m_Shadows:
    m_Type: 2
    m_Resolution: -1
    m_CustomResolution: -1
    m_Strength: 1
    m_Bias: 0.05
    m_NormalBias: 0.4
    m_NearPlane: 0.2
  m_Cookie: {fileID: 0}
  m_DrawHalo: 0
  m_Flare: {fileID: 0}
  m_RenderMode: 0
  m_CullingMask:
    serializedVersion: 2
    m_Bits: 4294967295
  m_Lightmapping: 1
  m_LightShadowCasterMode: 0
  m_AreaSize: {x: 1, y: 1}
  m_BounceIntensity: 1
  m_ColorTemperature: 6570
  m_UseColorTemperature: 0
  m_ShadowRadius: 0
  m_ShadowAngle: 0
--- !u!1001 &99391403401238237
PrefabInstance:
  m_ObjectHideFlags: 0
  serializedVersion: 2
  m_Modification:
    m_TransformParent: {fileID: 5874054178864313534}
    m_Modifications:
    - target: {fileID: 5829292698721957048, guid: 14fbba2d38a02fa4d82676115ef4022a,
        type: 3}
      propertyPath: m_Name
      value: Camera
      objectReference: {fileID: 0}
    - target: {fileID: 5829292698721957055, guid: 14fbba2d38a02fa4d82676115ef4022a,
        type: 3}
      propertyPath: m_LocalPosition.x
      value: -14.86507
      objectReference: {fileID: 0}
    - target: {fileID: 5829292698721957055, guid: 14fbba2d38a02fa4d82676115ef4022a,
        type: 3}
      propertyPath: m_LocalPosition.y
      value: -3.6501274
      objectReference: {fileID: 0}
    - target: {fileID: 5829292698721957055, guid: 14fbba2d38a02fa4d82676115ef4022a,
        type: 3}
      propertyPath: m_LocalPosition.z
      value: 24.99427
      objectReference: {fileID: 0}
    - target: {fileID: 5829292698721957055, guid: 14fbba2d38a02fa4d82676115ef4022a,
        type: 3}
      propertyPath: m_LocalRotation.x
      value: 0.16650471
      objectReference: {fileID: 0}
    - target: {fileID: 5829292698721957055, guid: 14fbba2d38a02fa4d82676115ef4022a,
        type: 3}
      propertyPath: m_LocalRotation.y
      value: 0.83173513
      objectReference: {fileID: 0}
    - target: {fileID: 5829292698721957055, guid: 14fbba2d38a02fa4d82676115ef4022a,
        type: 3}
      propertyPath: m_LocalRotation.z
      value: -0.34366593
      objectReference: {fileID: 0}
    - target: {fileID: 5829292698721957055, guid: 14fbba2d38a02fa4d82676115ef4022a,
        type: 3}
      propertyPath: m_LocalRotation.w
      value: 0.40297222
      objectReference: {fileID: 0}
    - target: {fileID: 5829292698721957055, guid: 14fbba2d38a02fa4d82676115ef4022a,
        type: 3}
      propertyPath: m_RootOrder
      value: 2
      objectReference: {fileID: 0}
    - target: {fileID: 5829292698721957055, guid: 14fbba2d38a02fa4d82676115ef4022a,
        type: 3}
      propertyPath: m_LocalEulerAnglesHint.x
      value: 18.2
      objectReference: {fileID: 0}
    - target: {fileID: 5829292698721957055, guid: 14fbba2d38a02fa4d82676115ef4022a,
        type: 3}
      propertyPath: m_LocalEulerAnglesHint.y
      value: 136.90001
      objectReference: {fileID: 0}
    - target: {fileID: 5829292698721957055, guid: 14fbba2d38a02fa4d82676115ef4022a,
        type: 3}
      propertyPath: m_LocalEulerAnglesHint.z
      value: 0
      objectReference: {fileID: 0}
    m_RemovedComponents: []
  m_SourcePrefab: {fileID: 100100000, guid: 14fbba2d38a02fa4d82676115ef4022a, type: 3}
--- !u!4 &5874054179532366434 stripped
Transform:
  m_CorrespondingSourceObject: {fileID: 5829292698721957055, guid: 14fbba2d38a02fa4d82676115ef4022a,
    type: 3}
  m_PrefabInstance: {fileID: 99391403401238237}
  m_PrefabAsset: {fileID: 0}
--- !u!1001 &1976016934928780956
PrefabInstance:
  m_ObjectHideFlags: 0
  serializedVersion: 2
  m_Modification:
    m_TransformParent: {fileID: 5874054178864313534}
    m_Modifications:
    - target: {fileID: 3573227445607878195, guid: e3506557835956847b6ffe88e1c91063,
        type: 3}
      propertyPath: m_Name
      value: HUD
      objectReference: {fileID: 0}
    - target: {fileID: 4567093350226552678, guid: e3506557835956847b6ffe88e1c91063,
        type: 3}
      propertyPath: m_LocalPosition.x
      value: 0
      objectReference: {fileID: 0}
    - target: {fileID: 4567093350226552678, guid: e3506557835956847b6ffe88e1c91063,
        type: 3}
      propertyPath: m_LocalPosition.y
      value: 0
      objectReference: {fileID: 0}
    - target: {fileID: 4567093350226552678, guid: e3506557835956847b6ffe88e1c91063,
        type: 3}
      propertyPath: m_LocalPosition.z
      value: 0
      objectReference: {fileID: 0}
    - target: {fileID: 4567093350226552678, guid: e3506557835956847b6ffe88e1c91063,
        type: 3}
      propertyPath: m_LocalRotation.x
      value: 0
      objectReference: {fileID: 0}
    - target: {fileID: 4567093350226552678, guid: e3506557835956847b6ffe88e1c91063,
        type: 3}
      propertyPath: m_LocalRotation.y
      value: 0
      objectReference: {fileID: 0}
    - target: {fileID: 4567093350226552678, guid: e3506557835956847b6ffe88e1c91063,
        type: 3}
      propertyPath: m_LocalRotation.z
      value: 0
      objectReference: {fileID: 0}
    - target: {fileID: 4567093350226552678, guid: e3506557835956847b6ffe88e1c91063,
        type: 3}
      propertyPath: m_LocalRotation.w
      value: 1
      objectReference: {fileID: 0}
    - target: {fileID: 4567093350226552678, guid: e3506557835956847b6ffe88e1c91063,
        type: 3}
      propertyPath: m_RootOrder
      value: 4
      objectReference: {fileID: 0}
    - target: {fileID: 4567093350226552678, guid: e3506557835956847b6ffe88e1c91063,
        type: 3}
      propertyPath: m_LocalEulerAnglesHint.x
      value: 0
      objectReference: {fileID: 0}
    - target: {fileID: 4567093350226552678, guid: e3506557835956847b6ffe88e1c91063,
        type: 3}
      propertyPath: m_LocalEulerAnglesHint.y
      value: 0
      objectReference: {fileID: 0}
    - target: {fileID: 4567093350226552678, guid: e3506557835956847b6ffe88e1c91063,
        type: 3}
      propertyPath: m_LocalEulerAnglesHint.z
      value: 0
      objectReference: {fileID: 0}
    - target: {fileID: 4567093350226552678, guid: e3506557835956847b6ffe88e1c91063,
        type: 3}
      propertyPath: m_AnchoredPosition.x
      value: 0
      objectReference: {fileID: 0}
    - target: {fileID: 4567093350226552678, guid: e3506557835956847b6ffe88e1c91063,
        type: 3}
      propertyPath: m_AnchoredPosition.y
      value: 0
      objectReference: {fileID: 0}
    - target: {fileID: 4567093350226552678, guid: e3506557835956847b6ffe88e1c91063,
        type: 3}
      propertyPath: m_SizeDelta.x
      value: 0
      objectReference: {fileID: 0}
    - target: {fileID: 4567093350226552678, guid: e3506557835956847b6ffe88e1c91063,
        type: 3}
      propertyPath: m_SizeDelta.y
      value: 0
      objectReference: {fileID: 0}
    - target: {fileID: 4567093350226552678, guid: e3506557835956847b6ffe88e1c91063,
        type: 3}
      propertyPath: m_AnchorMin.x
      value: 0
      objectReference: {fileID: 0}
    - target: {fileID: 4567093350226552678, guid: e3506557835956847b6ffe88e1c91063,
        type: 3}
      propertyPath: m_AnchorMin.y
      value: 0
      objectReference: {fileID: 0}
    - target: {fileID: 4567093350226552678, guid: e3506557835956847b6ffe88e1c91063,
        type: 3}
      propertyPath: m_AnchorMax.x
      value: 0
      objectReference: {fileID: 0}
    - target: {fileID: 4567093350226552678, guid: e3506557835956847b6ffe88e1c91063,
        type: 3}
      propertyPath: m_AnchorMax.y
      value: 0
      objectReference: {fileID: 0}
    - target: {fileID: 4567093350226552678, guid: e3506557835956847b6ffe88e1c91063,
        type: 3}
      propertyPath: m_Pivot.x
      value: 0
      objectReference: {fileID: 0}
    - target: {fileID: 4567093350226552678, guid: e3506557835956847b6ffe88e1c91063,
        type: 3}
      propertyPath: m_Pivot.y
      value: 0
      objectReference: {fileID: 0}
    m_RemovedComponents: []
  m_SourcePrefab: {fileID: 100100000, guid: e3506557835956847b6ffe88e1c91063, type: 3}
--- !u!224 &2597921515149945338 stripped
RectTransform:
  m_CorrespondingSourceObject: {fileID: 4567093350226552678, guid: e3506557835956847b6ffe88e1c91063,
    type: 3}
  m_PrefabInstance: {fileID: 1976016934928780956}
  m_PrefabAsset: {fileID: 0}
--- !u!1001 &4991043841934650537
PrefabInstance:
  m_ObjectHideFlags: 0
  serializedVersion: 2
  m_Modification:
    m_TransformParent: {fileID: 5874054178864313534}
    m_Modifications:
    - target: {fileID: 1497282814185640528, guid: dfe3c7a1154bbc34593fd8dd9a0f5401,
        type: 3}
      propertyPath: m_Name
      value: Follow Camera
      objectReference: {fileID: 0}
    - target: {fileID: 1497282814185640542, guid: dfe3c7a1154bbc34593fd8dd9a0f5401,
        type: 3}
      propertyPath: m_Follow
      value: 
      objectReference: {fileID: 5224038254599185404}
    - target: {fileID: 1497282814185640543, guid: dfe3c7a1154bbc34593fd8dd9a0f5401,
        type: 3}
      propertyPath: m_LocalPosition.x
      value: -14.86507
      objectReference: {fileID: 0}
    - target: {fileID: 1497282814185640543, guid: dfe3c7a1154bbc34593fd8dd9a0f5401,
        type: 3}
      propertyPath: m_LocalPosition.y
      value: -3.6501274
      objectReference: {fileID: 0}
    - target: {fileID: 1497282814185640543, guid: dfe3c7a1154bbc34593fd8dd9a0f5401,
        type: 3}
      propertyPath: m_LocalPosition.z
      value: 24.99427
      objectReference: {fileID: 0}
    - target: {fileID: 1497282814185640543, guid: dfe3c7a1154bbc34593fd8dd9a0f5401,
        type: 3}
      propertyPath: m_LocalRotation.x
      value: 0.16650471
      objectReference: {fileID: 0}
    - target: {fileID: 1497282814185640543, guid: dfe3c7a1154bbc34593fd8dd9a0f5401,
        type: 3}
      propertyPath: m_LocalRotation.y
      value: 0.83173513
      objectReference: {fileID: 0}
    - target: {fileID: 1497282814185640543, guid: dfe3c7a1154bbc34593fd8dd9a0f5401,
        type: 3}
      propertyPath: m_LocalRotation.z
      value: -0.34366593
      objectReference: {fileID: 0}
    - target: {fileID: 1497282814185640543, guid: dfe3c7a1154bbc34593fd8dd9a0f5401,
        type: 3}
      propertyPath: m_LocalRotation.w
      value: 0.40297222
      objectReference: {fileID: 0}
    - target: {fileID: 1497282814185640543, guid: dfe3c7a1154bbc34593fd8dd9a0f5401,
        type: 3}
      propertyPath: m_RootOrder
      value: 3
      objectReference: {fileID: 0}
    - target: {fileID: 1497282814185640543, guid: dfe3c7a1154bbc34593fd8dd9a0f5401,
        type: 3}
      propertyPath: m_LocalEulerAnglesHint.x
      value: 44.9
      objectReference: {fileID: 0}
    - target: {fileID: 1497282814185640543, guid: dfe3c7a1154bbc34593fd8dd9a0f5401,
        type: 3}
      propertyPath: m_LocalEulerAnglesHint.y
      value: 128.3
      objectReference: {fileID: 0}
    - target: {fileID: 1497282814185640543, guid: dfe3c7a1154bbc34593fd8dd9a0f5401,
        type: 3}
      propertyPath: m_LocalEulerAnglesHint.z
      value: 0
      objectReference: {fileID: 0}
    m_RemovedComponents: []
  m_SourcePrefab: {fileID: 100100000, guid: dfe3c7a1154bbc34593fd8dd9a0f5401, type: 3}
--- !u!4 &5874054179143515894 stripped
Transform:
  m_CorrespondingSourceObject: {fileID: 1497282814185640543, guid: dfe3c7a1154bbc34593fd8dd9a0f5401,
    type: 3}
  m_PrefabInstance: {fileID: 4991043841934650537}
  m_PrefabAsset: {fileID: 0}
--- !u!1001 &5874054179117111976
PrefabInstance:
  m_ObjectHideFlags: 0
  serializedVersion: 2
  m_Modification:
    m_TransformParent: {fileID: 5874054178864313534}
    m_Modifications:
    - target: {fileID: 592897999577149416, guid: b2b9c4e2323361e469aace1d8a2bd9a3,
        type: 3}
      propertyPath: m_Enabled
      value: 0
      objectReference: {fileID: 0}
    - target: {fileID: 1872184877944879444, guid: b2b9c4e2323361e469aace1d8a2bd9a3,
        type: 3}
      propertyPath: m_LocalPosition.x
      value: -8.25
      objectReference: {fileID: 0}
    - target: {fileID: 1872184877944879444, guid: b2b9c4e2323361e469aace1d8a2bd9a3,
        type: 3}
      propertyPath: m_LocalPosition.y
      value: -12.05
      objectReference: {fileID: 0}
    - target: {fileID: 1872184877944879444, guid: b2b9c4e2323361e469aace1d8a2bd9a3,
        type: 3}
      propertyPath: m_LocalPosition.z
      value: 19.77
      objectReference: {fileID: 0}
    - target: {fileID: 1872184877944879444, guid: b2b9c4e2323361e469aace1d8a2bd9a3,
        type: 3}
      propertyPath: m_LocalRotation.x
      value: -0
      objectReference: {fileID: 0}
    - target: {fileID: 1872184877944879444, guid: b2b9c4e2323361e469aace1d8a2bd9a3,
        type: 3}
      propertyPath: m_LocalRotation.y
      value: -0.6677675
      objectReference: {fileID: 0}
    - target: {fileID: 1872184877944879444, guid: b2b9c4e2323361e469aace1d8a2bd9a3,
        type: 3}
      propertyPath: m_LocalRotation.z
      value: 0
      objectReference: {fileID: 0}
    - target: {fileID: 1872184877944879444, guid: b2b9c4e2323361e469aace1d8a2bd9a3,
        type: 3}
      propertyPath: m_LocalRotation.w
      value: -0.74437
      objectReference: {fileID: 0}
    - target: {fileID: 1872184877944879444, guid: b2b9c4e2323361e469aace1d8a2bd9a3,
        type: 3}
      propertyPath: m_RootOrder
      value: 1
      objectReference: {fileID: 0}
    - target: {fileID: 1872184877944879444, guid: b2b9c4e2323361e469aace1d8a2bd9a3,
        type: 3}
      propertyPath: m_LocalEulerAnglesHint.x
      value: 0
      objectReference: {fileID: 0}
    - target: {fileID: 1872184877944879444, guid: b2b9c4e2323361e469aace1d8a2bd9a3,
        type: 3}
      propertyPath: m_LocalEulerAnglesHint.y
      value: 443.79
      objectReference: {fileID: 0}
    - target: {fileID: 1872184877944879444, guid: b2b9c4e2323361e469aace1d8a2bd9a3,
        type: 3}
      propertyPath: m_LocalEulerAnglesHint.z
      value: 0
      objectReference: {fileID: 0}
    - target: {fileID: 4777169933482236856, guid: b2b9c4e2323361e469aace1d8a2bd9a3,
        type: 3}
      propertyPath: m_Name
      value: Player
      objectReference: {fileID: 0}
    m_RemovedComponents: []
  m_SourcePrefab: {fileID: 100100000, guid: b2b9c4e2323361e469aace1d8a2bd9a3, type: 3}
--- !u!4 &5224038254599185404 stripped
Transform:
  m_CorrespondingSourceObject: {fileID: 1872184877944879444, guid: b2b9c4e2323361e469aace1d8a2bd9a3,
    type: 3}
  m_PrefabInstance: {fileID: 5874054179117111976}
  m_PrefabAsset: {fileID: 0}
